<?xml version="1.0" encoding="UTF-8"?><collection xmlns="http://www.loc.gov/MARC21/slim"><record><leader>00519nam--2200181-i-4500</leader><controlfield tag="001">000030982</controlfield><controlfield tag="002">20161230</controlfield><controlfield tag="005">20161230201038</controlfield><controlfield tag="008">060222s1000------------r-----000-0-eng-d</controlfield><datafield ind1=" " ind2=" " tag="040"><subfield code="a">IFIN-HH</subfield></datafield><datafield ind1=" " ind2=" " tag="080"><subfield code="a">533.9</subfield></datafield><datafield ind1="1" ind2=" " tag="100"><subfield code="a">Llewellyn-jones, F</subfield></datafield><datafield ind1="1" ind2="0" tag="245"><subfield code="a">The glow discharge and an introduction to plasma physics</subfield><subfield code="c">F. llewellyn-jones</subfield></datafield><datafield ind1=" " ind2=" " tag="260"><subfield code="a">London, Methuen &amp; Co.Ltd., 1966</subfield></datafield><datafield ind1=" " ind2=" " tag="300"><subfield code="a">X+211P</subfield></datafield><datafield ind1=" " ind2=" " tag="490"><subfield code="a">Methuen`S Monographs On Physical Subjects</subfield></datafield><datafield ind1=" " ind2=" " tag="852"><subfield code="a">24486</subfield><subfield code="c">533.9</subfield></datafield><datafield ind1=" " ind2=" " tag="CAT"><subfield code="a">Sys</subfield><subfield code="c">20100922</subfield><subfield code="h">122824</subfield></datafield></record></collection>